
%% Grounding - related
@article{uijlings2013selective,
  title={Selective search for object recognition},
  author={Uijlings, Jasper RR and Van De Sande, Koen EA and Gevers, Theo and Smeulders, Arnold WM},
  journal={IJCV},
  year={2013},
  publisher={Springer}
}

@article{dogan2019neural,
  title={Neural Sequential Phrase Grounding (SeqGROUND)},
  author={Dogan, Pelin and Sigal, Leonid and Gross, Markus},
  journal={CVPR},
  year={2019}
}

@inproceedings{ren2015faster,
  title={Faster {R-CNN}: Towards real-time object detection with region proposal networks},
  author={Ren, Shaoqing and He, Kaiming and Girshick, Ross and Sun, Jian},
  booktitle={NIPS},
  year={2015}
}

@inproceedings{hu2017modeling,
  title={Modeling relationships in referential expressions with compositional modular networks},
  author={Hu, Ronghang and Rohrbach, Marcus and Andreas, Jacob and Darrell, Trevor and Saenko, Kate},
  booktitle={CVPR},
  year={2017}
}

@inproceedings{deng2018visual,
  title={Visual grounding via accumulated attention},
  author={Deng, Chaorui and Wu, Qi and Wu, Qingyao and Hu, Fuyuan and Lyu, Fan and Tan, Mingkui},
  booktitle={CVPR},
  year={2018}
}

@inproceedings{xiao2017weakly,
  title={Weakly-supervised visual grounding of phrases with linguistic structures},
  author={Xiao, Fanyi and Sigal, Leonid and Jae Lee, Yong},
  booktitle={CVPR},
  year={2017}
}

% GroundeR
@inproceedings{rohrbach2016grounding,
  title={Grounding of textual phrases in images by reconstruction},
  author={Rohrbach, Anna and Rohrbach, Marcus and Hu, Ronghang and Darrell, Trevor and Schiele, Bernt},
  booktitle={ECCV},
  year={2016},
  organization={Springer}
}

%% Representation learning on Graphs - related
@article{hamilton2017representation,
  title={Representation learning on graphs: Methods and applications},
  author={Hamilton, William L and Ying, Rex and Leskovec, Jure},
  journal={IEEE Data Engineering Bulletin},
  year={2017}
}

@article{kipf2016semi,
  title={Semi-supervised classification with graph convolutional networks},
  author={Kipf, Thomas N and Welling, Max},
  journal={ICLR},
  year={2016}
}

@inproceedings{hamilton2017inductive,
  title={Inductive representation learning on large graphs},
  author={Hamilton, Will and Ying, Zhitao and Leskovec, Jure},
  booktitle={NIPS},
  year={2017}
}

@inproceedings{ying2018hierarchical,
  title={Hierarchical graph representation learning with differentiable pooling},
  author={Ying, Zhitao and You, Jiaxuan and Morris, Christopher and Ren, Xiang and Hamilton, Will and Leskovec, Jure},
  booktitle={NeurIPS},
  year={2018}
}

@inproceedings{belkin2002laplacian,
  title={Laplacian eigenmaps and spectral techniques for embedding and clustering},
  author={Belkin, Mikhail and Niyogi, Partha},
  booktitle={NIPS},
  year={2002}
}

@inproceedings{grover2016node2vec,
  title={node2vec: Scalable feature learning for networks},
  author={Grover, Aditya and Leskovec, Jure},
  booktitle={KDD},
  year={2016},
}

%% Somewhere in between
@inproceedings{teney2017graph,
  title={Graph-structured representations for visual question answering},
  author={Teney, Damien and Liu, Lingqiao and van den Hengel, Anton},
  booktitle={CVPR},
  year={2017}
}

% Graph R-CNN
@inproceedings{yang2018graph,
  title={Graph {R-CNN} for scene graph generation},
  author={Yang, Jianwei and Lu, Jiasen and Lee, Stefan and Batra, Dhruv and Parikh, Devi},
  booktitle={ECCV},
  year={2018}
}

% Datasets
@article{krishna2017visual,
  title={Visual genome: Connecting language and vision using crowdsourced dense image annotations},
  author={Krishna, Ranjay and Zhu, Yuke and Groth, Oliver and Johnson, Justin and Hata, Kenji and Kravitz, Joshua and Chen, Stephanie and Kalantidis, Yannis and Li, Li-Jia and Shamma, David A and others},
  journal={IJCV},
  year={2017}
}

@inproceedings{plummer2015flickr30k,
  title={Flickr30k entities: Collecting region-to-phrase correspondences for richer image-to-sentence models},
  author={Plummer, Bryan A and Wang, Liwei and Cervantes, Chris M and Caicedo, Juan C and Hockenmaier, Julia and Lazebnik, Svetlana},
  booktitle={ICCV},
  year={2015}
}

% Misc
@article{simonyan2014very,
  title={Very deep convolutional networks for large-scale image recognition},
  author={Simonyan, Karen and Zisserman, Andrew},
  journal={arXiv preprint arXiv:1409.1556},
  year={2014}
}

@inproceedings{pennington2014glove,
  title={Glove: Global vectors for word representation},
  author={Pennington, Jeffrey and Socher, Richard and Manning, Christopher},
  booktitle={EMNLP},
  year={2014}
}

@inproceedings{de2008stanford,
  title={The Stanford typed dependencies representation},
  author={De Marneffe, Marie-Catherine and Manning, Christopher D},
  booktitle={Coling 2008: proceedings of the workshop on cross-framework and cross-domain parser evaluation},
  year={2008},
  organization={Association for Computational Linguistics}
}

@article{kingma2014adam,
  title={Adam: A method for stochastic optimization},
  author={Kingma, Diederik P and Ba, Jimmy},
  journal={ICLR},
  year={2014}
}

@inproceedings{krizhevsky2012imagenet,
  title={Imagenet classification with deep convolutional neural networks},
  author={Krizhevsky, Alex and Sutskever, Ilya and Hinton, Geoffrey E},
  booktitle={NIPS},
  year={2012}
}

% Scene graph 
@inproceedings{xu2017scene,
  title={Scene graph generation by iterative message passing},
  author={Xu, Danfei and Zhu, Yuke and Choy, Christopher B and Fei-Fei, Li},
  booktitle={CVPR},
  year={2017}
}

@incollection{NIPS2018_7951,
title = {Mapping Images to Scene Graphs with Permutation-Invariant Structured Prediction},
author = {Herzig, Roei and Raboh, Moshiko and Chechik, Gal and Berant, Jonathan and Globerson, Amir},
booktitle = {NeurIPS},
editor = {S. Bengio and H. Wallach and H. Larochelle and K. Grauman and N. Cesa-Bianchi and R. Garnett},
year = {2018},
}

@article{gu2019scene,
  title={Scene Graph Generation with External Knowledge and Image Reconstruction},
  author={Gu, Jiuxiang and Zhao, Handong and Lin, Zhe and Li, Sheng and Cai, Jianfei and Ling, Mingyang},
  journal={CVPR},
  year={2019}
}

@inproceedings{newell2017pixels,
  title={Pixels to graphs by associative embedding},
  author={Newell, Alejandro and Deng, Jia},
  booktitle={NIPS},
  year={2017}
}

@article{jjfaster2rcnn,
    Author = {Jianwei Yang and Jiasen Lu and Dhruv Batra and Devi Parikh},
    Title = {A Faster Pytorch Implementation of Faster {R-CNN}},
    Journal = {https://github.com/jwyang/faster-rcnn.pytorch},
    Year = {2017}
}

@article{robbins1951stochastic,
  title={A stochastic approximation method},
  author={Robbins, Herbert and Monro, Sutton},
  journal={The annals of mathematical statistics},
  year={1951},
  publisher={JSTOR}
}

@inproceedings{zhang2017relationship,
  title={Relationship proposal networks},
  author={Zhang, Ji and Elhoseiny, Mohamed and Cohen, Scott and Chang, Walter and Elgammal, Ahmed},
  booktitle={CVPR},
  year={2017}
}

@article{paszke2017automatic,
  title={Automatic differentiation in PyTorch},
  author={Paszke, Adam and Gross, Sam and Chintala, Soumith and Chanan, Gregory and Yang, Edward and DeVito, Zachary and Lin, Zeming and Desmaison, Alban and Antiga, Luca and Lerer, Adam},
  year={2017}
}